@ARTICLE{kosko1992,
  author={Seong-Gon Kong and Bart Kosko},
  title={Adaptive Fuzzy Systems for Backing up a Truck-and-Trailer},
  journal={IEEE TRANSACTIONS ON NEURAL NETWORKS},
  year={1992},
  volume={3},
  pages={211-223}
}